<record xmlns="http://www.loc.gov/MARC21/slim" xmlns:xsi="http://www.w3.org/2001/XMLSchema-instance" xsi:schemaLocation="http://www.loc.gov/MARC21/slim http://www.loc.gov/standards/marcxml/schema/MARC21slim.xsd"><leader>01322nam a2200289   4500</leader><controlfield tag="001">3110176</controlfield><controlfield tag="003">NNC</controlfield><controlfield tag="006">m        d        </controlfield><controlfield tag="007">cr cn |||m|||a</controlfield><controlfield tag="008">150223s1855    le      o     000 0 ara d</controlfield><datafield ind1=" " ind2=" " tag="040"><subfield code="a">NNU</subfield><subfield code="b">eng</subfield><subfield code="c">NNU</subfield></datafield><datafield ind1="1" ind2=" " tag="100"><subfield code="6">880-01</subfield><subfield code="a">Ya&#772;ziji&#772;, Na&#772;s&#803;i&#772;f,</subfield><subfield code="d">1800-1871.</subfield></datafield><datafield ind1="1" ind2="0" tag="245"><subfield code="6">880-02</subfield><subfield code="a">Kita&#772;b majmu&#772;&#699;al-adab</subfield><subfield code="h">[electronic resource].</subfield></datafield><datafield ind1=" " ind2=" " tag="260"><subfield code="6">880-03</subfield><subfield code="a">Bayru&#772;t,</subfield><subfield code="c">1855.</subfield></datafield><datafield ind1=" " ind2=" " tag="300"><subfield code="a">online resource (214 p.)</subfield></datafield><datafield ind1=" " ind2=" " tag="500"><subfield code="a">Part of the Arabic Collections Online (ACO) project, contributed by Columbia University Libraries.</subfield></datafield><datafield ind1=" " ind2=" " tag="533"><subfield code="a">Electronic reproduction.</subfield><subfield code="b">New York, N.Y. :</subfield><subfield code="c">New York University,</subfield><subfield code="d">2015.</subfield><subfield code="5">NNU</subfield></datafield><datafield ind1="2" ind2=" " tag="710"><subfield code="a">Columbia University.</subfield><subfield code="b">Libraries.</subfield></datafield><datafield ind1="0" ind2=" " tag="730"><subfield code="a">Arabic Collections Online.</subfield></datafield><datafield ind1="0" ind2="8" tag="776"><subfield code="i">Online version:</subfield><subfield code="a">Ya&#772;ziji&#772;, Na&#772;s&#803;i&#772;f, 1800-1871.</subfield><subfield code="t">Kita&#772;b majmu&#772;&#699;al-adab ..</subfield><subfield code="d">Beirut, 1855</subfield><subfield code="w">(OCoLC)654022083</subfield></datafield><datafield ind1="0" ind2="8" tag="776"><subfield code="i">Print version:</subfield><subfield code="a">Ya&#772;ziji&#772;, Na&#772;s&#803;i&#772;f, 1800-1871.</subfield><subfield code="t">Kita&#772;b majmu&#772;&#699;al-adab</subfield><subfield code="w">(NNC)3110176</subfield><subfield code="w">(OCoLC)48157830</subfield></datafield><datafield ind1="4" ind2="0" tag="856"><subfield code="u">http://hdl.handle.net/2333.1/zs7h46fd</subfield></datafield><datafield ind1="1" ind2=" " tag="880"><subfield code="6">100-01/r</subfield><subfield code="a">&#1610;&#1575;&#1586;&#1580;&#1610;&#1548; &#1606;&#1575;&#1589;&#1610;&#1601;&#1548;</subfield><subfield code="d">1800-1871.</subfield></datafield><datafield ind1="1" ind2="0" tag="880"><subfield code="6">245-02/r</subfield><subfield code="a">&#1603;&#1578;&#1575;&#1576; &#1605;&#1580;&#1605;&#1608;&#1593; &#1575;&#1604;&#1575;&#1583;&#1576; ...</subfield></datafield><datafield ind1=" " ind2=" " tag="880"><subfield code="6">260-03/r</subfield><subfield code="a">&#1576;&#1610;&#1585;&#1608;&#1578;&#1548;</subfield><subfield code="c">1855.</subfield></datafield><datafield ind1=" " ind2=" " tag="959"><subfield code="a">NNU</subfield><subfield code="b">WEB</subfield><subfield code="c">GENI</subfield><subfield code="t">0</subfield><subfield code="m">Electronic access</subfield><subfield code="s">01</subfield></datafield><datafield ind1=" " ind2=" " tag="999"><subfield code="i">NNC_3110176</subfield><subfield code="o">(OCoLC)48157830</subfield><subfield code="s">columbia_aco000103</subfield></datafield></record>